<?xml version="1.0" encoding="UTF-8"?><collection xmlns="http://www.loc.gov/MARC21/slim"><record><leader>00487nam--2200169-i-4500</leader><controlfield tag="001">000011277</controlfield><controlfield tag="002">20161230</controlfield><controlfield tag="005">20170306224330</controlfield><controlfield tag="008">060222s1000------------r-----000-0-eng-d</controlfield><datafield ind1=" " ind2=" " tag="100"><subfield code="a">Byckling, Eero</subfield></datafield><datafield ind1=" " ind2=" " tag="245"><subfield code="a">Optimization program for optical systems</subfield></datafield><datafield ind1=" " ind2=" " tag="260"><subfield code="a">Helsinki</subfield><subfield code="b">Finnish Academy Of Technical Science S</subfield><subfield code="c">1976</subfield></datafield><datafield ind1=" " ind2=" " tag="300"><subfield code="a">12 p</subfield></datafield><datafield ind1=" " ind2=" " tag="490"><subfield code="a">Acta Polutechnica Scandinavica</subfield></datafield><datafield ind1=" " ind2=" " tag="700"><subfield code="a">Simola, J</subfield></datafield><datafield ind1=" " ind2=" " tag="852"><subfield code="a">535.8:519.68.8:681.7.06(047.3)</subfield></datafield><datafield ind1=" " ind2=" " tag="CAT"><subfield code="a">SYS</subfield><subfield code="c">20170306</subfield><subfield code="h">224330</subfield></datafield></record></collection>